Automatically generated by Mendeley Desktop 1.16.1
Any changes to this file will be lost if it is regenerated by Mendeley.

BibTeX export options can be customized via Options -> BibTeX in Mendeley Desktop

@article{Greene,
author = {Greene, William H},
file = {:home/hubner/.local/share/data/Mendeley Ltd./Mendeley Desktop/Downloaded/Greene - Unknown - Econometric Analysis (Solution manual).pdf:pdf},
title = {{Econometric Analysis (Solution manual)}}
}
@book{Hood1953,
author = {Hood, WC and Koopmans, TC},
file = {:home/hubner/.local/share/data/Mendeley Ltd./Mendeley Desktop/Downloaded/Hood, Koopmans - 1953 - Studies in econometric method.pdf:pdf},
title = {{Studies in econometric method}},
url = {http://cowles.econ.yale.edu/P/cm/m14/},
year = {1953}
}
@book{Ruey,
author = {Ruey, S},
file = {:home/hubner/.local/share/data/Mendeley Ltd./Mendeley Desktop/Downloaded/Ruey - Unknown - Analysis of Financial Time Series Second Edition.pdf:pdf},
isbn = {9780471690740},
title = {{Analysis of Financial Time Series Second Edition}}
}
@book{Baltagi2008,
author = {Baltagi, Badi H.},
edition = {4},
file = {:home/hubner/.local/share/data/Mendeley Ltd./Mendeley Desktop/Downloaded/Baltagi - 2008 - Econometrics.pdf:pdf},
isbn = {9783540765158},
title = {{Econometrics}},
year = {2008}
}
@techreport{Visser2011,
author = {Visser, Matt},
file = {:home/hubner/.local/share/data/Mendeley Ltd./Mendeley Desktop/Downloaded/Visser - 2011 - Math 464 Notes on differential geometry.pdf:pdf},
pages = {1--246},
title = {{Math 464 : Notes on differential geometry}},
year = {2011}
}
@book{Kirchgassner2008,
author = {Kirchg{\"{a}}ssner, G and Wolters, J},
file = {:home/hubner/.local/share/data/Mendeley Ltd./Mendeley Desktop/Downloaded/Kirchg{\"{a}}ssner, Wolters - 2008 - Introduction to modern time series analysis.pdf:pdf},
isbn = {9783540732907},
title = {{Introduction to modern time series analysis}},
url = {http://books.google.com/books?hl=en{\&}lr={\&}id=0rMW60qJD-UC{\&}oi=fnd{\&}pg=PR5{\&}dq=Introduction+to+Modern+Time+Series+Analysis{\&}ots=rW3D3TPLVN{\&}sig=mzGdyexCIoG0DIVp1XeYkMjoxmw},
year = {2008}
}
@book{Amemiya1985,
author = {Amemiya, Takeshi},
file = {:home/hubner/.local/share/data/Mendeley Ltd./Mendeley Desktop/Downloaded/Amemiya - 1985 - Advanced Econometrics.pdf:pdf},
title = {{Advanced Econometrics}},
year = {1985}
}
@book{Rothenberg1973,
author = {Rothenberg, TJ},
file = {:home/hubner/.local/share/data/Mendeley Ltd./Mendeley Desktop/Downloaded/Rothenberg - 1973 - Efficient estimation with a priori information.pdf:pdf},
title = {{Efficient estimation with a priori information}},
url = {http://www.getcited.org/pub/101421013},
year = {1973}
}
@article{Tian2011,
author = {Tian, Guoqiang},
file = {:home/hubner/.local/share/data/Mendeley Ltd./Mendeley Desktop/Downloaded/Tian - 2011 - Microeconomic Theory Department of Economics.pdf:pdf},
number = {December},
title = {{Microeconomic Theory Department of Economics}},
volume = {77843},
year = {2011}
}
@book{Cuthbertson,
author = {Cuthbertson, Keith},
file = {:home/hubner/.local/share/data/Mendeley Ltd./Mendeley Desktop/Downloaded/Cuthbertson - 1996 - Quantitative Financial Economics.pdf:pdf},
isbn = {0471953598},
title = {{Quantitative Financial Economics}},
year = {1996}
}
@book{Kosorok2006,
address = {New York},
author = {Kosorok, Michael R.},
editor = {Bickel, P. and Diggle, P. and Fienberg, S.E. and Gather, U. and Zeger, S.},
file = {:home/hubner/.local/share/data/Mendeley Ltd./Mendeley Desktop/Downloaded/Kosorok - 2006 - Introduction to Empirical Processes and Semiparametric Inference 1.pdf:pdf},
number = {August},
publisher = {Springer},
title = {{Introduction to Empirical Processes and Semiparametric Inference}},
year = {2008}
}
@book{Andersen2009,
author = {Andersen, TG and Davis, RA and Kreis, JP},
file = {:home/hubner/.local/share/data/Mendeley Ltd./Mendeley Desktop/Downloaded/Andersen, Davis, Kreis - 2009 - Handbook of financial time series.zip:zip},
title = {{Handbook of financial time series}},
url = {http://books.google.com/books?hl=en{\&}lr={\&}id=u1TmA-lm7loC{\&}oi=fnd{\&}pg=PR2{\&}dq=Handbook+of+Financial+Time+Series{\&}ots=Fd19S5FNTi{\&}sig=QTc8lRoQw4b1u7nlulk4f-d1buE},
year = {2009}
}
@book{Manski1988,
author = {Manski, Charles F.},
file = {:home/hubner/.local/share/data/Mendeley Ltd./Mendeley Desktop/Downloaded/Manski - 1988 - Analog Estimation Methods.pdf:pdf},
title = {{Analog Estimation Methods}},
year = {1988}
}
@book{Hayashi,
author = {Hayashi, Fumio},
file = {:home/hubner/.local/share/data/Mendeley Ltd./Mendeley Desktop/Downloaded/Hayashi - Unknown - Econometrics.pdf:pdf},
title = {{Econometrics}}
}
@book{Lipovacia,
author = {Lipovacia, Miran},
file = {:home/hubner/.local/share/data/Mendeley Ltd./Mendeley Desktop/Downloaded/Lipovacia - Unknown - Learn Haskell for a greater good.pdf:pdf},
title = {{Learn Haskell for a greater good}}
}
@article{Davidson1999,
author = {Davidson, Russell and Mackinnon, James G},
file = {:home/hubner/.local/share/data/Mendeley Ltd./Mendeley Desktop/Downloaded/Davidson, Mackinnon - 1999 - Regression Models 1.1.pdf:pdf},
title = {{Regression Models 1.1}},
year = {1999}
}
@misc{Evans,
author = {Evans},
file = {:home/hubner/.local/share/data/Mendeley Ltd./Mendeley Desktop/Downloaded/Evans - Unknown - Partial Differential Equations.pdf:pdf},
title = {{Partial Differential Equations}}
}
@book{magnus2005,
address = {New York},
author = {Abadir, Karim M. and Magnus, Jan R.},
publisher = {Cambridge University Press},
title = {{Matrix Algebra}},
year = {2005}
}
@book{Cam,
author = {Campbell, JY and Lo, AW and MacKinlay, AC},
file = {:home/hubner/.local/share/data/Mendeley Ltd./Mendeley Desktop/Downloaded/Campbell, Lo, MacKinlay - 1997 - The econometrics of financial markets.pdf:pdf},
title = {{The econometrics of financial markets}},
url = {http://elib.tu-darmstadt.de/tocs/112685463.pdf},
year = {1997}
}
@article{Davidson,
author = {Davidson, Russell and Mackinnon, James G},
file = {:home/hubner/.local/share/data/Mendeley Ltd./Mendeley Desktop/Downloaded/Davidson, Mackinnon - Unknown - Econometric Theory and Methods.pdf:pdf},
title = {{Econometric Theory and Methods}}
}
@book{Koenker2000,
author = {Koenker, Roger},
file = {:home/hubner/.local/share/data/Mendeley Ltd./Mendeley Desktop/Downloaded/Koenker - 2000 - Quantile Regression.pdf:pdf},
number = {February 1997},
title = {{Quantile Regression}},
year = {2000}
}
@book{Rachev,
author = {Rachev, Svetlozar T and Mittnik, Stefan and Fabozzi, Frank J. and Focardi, Sergio M and Jasic, T E O},
file = {:home/hubner/.local/share/data/Mendeley Ltd./Mendeley Desktop/Downloaded/Rachev et al. - Unknown - Financial Econometrics.pdf:pdf},
isbn = {9780471784500},
title = {{Financial Econometrics}}
}
@book{Pagan,
author = {Pagan, Adrian and Ullah, Aman},
file = {:home/hubner/.local/share/data/Mendeley Ltd./Mendeley Desktop/Downloaded/Pagan, Ullah - Unknown - Nonparametric Econometrics.pdf:pdf},
title = {{Nonparametric Econometrics}}
}
@article{Greene2003,
author = {Greene, William H},
file = {:home/hubner/.local/share/data/Mendeley Ltd./Mendeley Desktop/Downloaded/Greene - 2003 - Econometric analysis.pdf:pdf},
isbn = {0130661899},
title = {{Econometric analysis}},
url = {http://scholar.google.com/scholar?hl=en{\&}btnG=Search{\&}q=intitle:Econometric+Analysis{\#}1},
year = {2003}
}
@misc{Vaart,
author = {van der Vaart, Aad W and Wellner, Jon A},
file = {:home/hubner/.local/share/data/Mendeley Ltd./Mendeley Desktop/Downloaded/van der Vaart, Wellner - Unknown - Weak Convergence and Empirical Processes.pdf:pdf},
title = {{Weak Convergence and Empirical Processes}}
}
@book{Everitt,
author = {Everitt, Brian and Hothorn, Torsten},
file = {:home/hubner/.local/share/data/Mendeley Ltd./Mendeley Desktop/Downloaded/Everitt, Hothorn - Unknown - A Handbook of Statistical Analyses Using R.pdf:pdf},
isbn = {9781420079333},
title = {{A Handbook of Statistical Analyses Using R}}
}
@book{Zhengyan1997,
author = {Zhengyan, L and Chuanrong, L},
file = {:home/hubner/.local/share/data/Mendeley Ltd./Mendeley Desktop/Downloaded/Zhengyan, Chuanrong - 1997 - Limit theory for mixing dependent random variables.pdf:pdf},
title = {{Limit theory for mixing dependent random variables}},
url = {http://books.google.com/books?hl=en{\&}lr={\&}id=GeRT0---hhcC{\&}oi=fnd{\&}pg=PR7{\&}dq=Limit+Theory+for+Mixing+Dependent+Random+Variables{\&}ots={\_}iyimtod5x{\&}sig=X0PETuWI6eX2clYtFGscS4QQ2L0},
year = {1997}
}
@misc{Hamil1994,
author = {Hamilton, James D},
file = {:home/hubner/.local/share/data/Mendeley Ltd./Mendeley Desktop/Downloaded/Hamilton - 1994 - Time Series Analysis.pdf:pdf},
title = {{Time Series Analysis}},
year = {1994}
}
