Automatically generated by Mendeley Desktop 1.16.3
Any changes to this file will be lost if it is regenerated by Mendeley.

BibTeX export options can be customized via Options -> BibTeX in Mendeley Desktop

@techreport{Reiswich2010,
author = {Reiswich, Dimitri},
file = {:home/hubner/.local/share/data/Mendeley Ltd./Mendeley Desktop/Downloaded/Reiswich - 2010 - A Short Introduction to Selected Classes of the Boost C Library(2).pdf:pdf},
pages = {1--98},
title = {{A Short Introduction to Selected Classes of the Boost C ++ Library}},
year = {2010}
}
@book{Laurent2009,
address = {London},
author = {Laurent, S{\'{e}}bastien},
edition = {1},
isbn = {978-0-9557076-0-5},
publisher = {Timberlake Consultants Ltd},
title = {{G@RCH 6: Estimating and Forecasting ARCH Models}},
url = {http://www.timberlakeconsulting.com/Bookshop/?bookid=914},
year = {2009}
}
@article{Eddelbutel1996,
author = {Eddelbutel, Dirk},
file = {:home/hubner/.local/share/data/Mendeley Ltd./Mendeley Desktop/Downloaded/Eddelbutel - 1996 - OBJECT-ORIENTED ECONOMETRICS MATRIX PROGRAMMING IN C USING GCC AND NEWMAT(2).pdf:pdf},
journal = {Journal of Applied Econometrics},
pages = {199--209},
title = {{OBJECT-ORIENTED ECONOMETRICS : MATRIX PROGRAMMING IN C ++ USING GCC AND NEWMAT}},
volume = {11},
year = {1996}
}
@article{Duggan2010,
author = {Duggan, John and Kalandrakis, Tasos},
doi = {10.1007/s00355-010-0513-2},
file = {:home/hubner/.local/share/data/Mendeley Ltd./Mendeley Desktop/Downloaded/Duggan, Kalandrakis - 2010 - A Newton collocation method for solving dynamic bargaining games(2).pdf:pdf},
issn = {0176-1714},
journal = {Social Choice and Welfare},
month = {dec},
number = {3},
pages = {611--650},
title = {{A Newton collocation method for solving dynamic bargaining games}},
url = {http://www.springerlink.com/index/10.1007/s00355-010-0513-2},
volume = {36},
year = {2010}
}
@article{Orszag1997,
author = {Orszag, J.M.},
file = {:home/hubner/.local/share/data/Mendeley Ltd./Mendeley Desktop/Downloaded/Orszag - 1997 - Fortran, C and C Code for Econometrics and Optimisation Applications(2).pdf:pdf},
journal = {The Economic Journal},
number = {440},
pages = {252--256},
publisher = {JSTOR},
title = {{Fortran, C and C++ Code for Econometrics and Optimisation Applications}},
url = {http://www.jstor.org/stable/10.2307/2235309},
volume = {107},
year = {1997}
}
@article{Koenker2012,
author = {Koenker, Roger},
file = {:home/hubner/.local/share/data/Mendeley Ltd./Mendeley Desktop/Downloaded/Koenker - 2012 - Quantile regression in r a vignette(2).pdf:pdf},
number = {2003},
pages = {1--20},
title = {{Quantile regression in r: a vignette}},
year = {2012}
}
@book{Kernighan2002,
author = {Kernighan, Brian and Ritchie, Dennis},
file = {:home/hubner/.local/share/data/Mendeley Ltd./Mendeley Desktop/Downloaded/Kernighan, Ritchie - 2002 - The C programming Language(2).pdf:pdf},
isbn = {0131103628},
title = {{The C programming Language}},
volume = {8},
year = {2002}
}
@book{Doornik2009,
address = {London},
author = {Doornik, Jurgen},
publisher = {Timberlake Consultants Ltd},
title = {{An Object-Oriented Matrix Programming Language Ox 6.}},
url = {http://economics.ouls.ox.ac.uk/14748/},
year = {2009}
}
@article{Ohshima2007,
author = {Ohshima, Satoshi and Kise, Kenji and Katagiri, Takahiro and Yuba, Toshitsugu},
file = {:home/hubner/.local/share/data/Mendeley Ltd./Mendeley Desktop/Downloaded/Ohshima et al. - 2007 - Parallel processing of matrix multiplication in a CPU and GPU heterogeneous environment(2).pdf:pdf},
journal = {High Performance Computing for {\ldots}},
title = {{Parallel processing of matrix multiplication in a CPU and GPU heterogeneous environment}},
url = {http://link.springer.com/chapter/10.1007/978-3-540-71351-7{\_}24},
year = {2007}
}
