Automatically generated by Mendeley Desktop 1.16.3
Any changes to this file will be lost if it is regenerated by Mendeley.

BibTeX export options can be customized via Options -> BibTeX in Mendeley Desktop

@unpublished{Madsen,
author = {Madsen, Kaj and Zertchaninov, Serguei},
file = {:home/hubner/.local/share/data/Mendeley Ltd./Mendeley Desktop/Downloaded/Madsen, Zertchaninov - Unknown - Global Optimization using Branch-and-Bound(2).pdf:pdf},
pages = {1--17},
title = {{Global Optimization using Branch-and-Bound}}
}
@techreport{Luksan2007,
author = {Luksan, Ladislav and Matonoha, Ctirad and Vlcek, Jan},
file = {:home/hubner/.local/share/data/Mendeley Ltd./Mendeley Desktop/Downloaded/Luksan, Matonoha, Vlcek - 2007 - New subroutines for large-scale optimization(2).pdf:pdf},
title = {{New subroutines for large-scale optimization}},
url = {http://scholar.google.com/scholar?hl=en{\&}btnG=Search{\&}q=intitle:New+subroutines+for+large-scale+optimization{\#}0},
year = {2007}
}
@article{Chen2009,
author = {Chen, W. and Sim, M. and Sun, J. and Teo, C. P.},
doi = {10.1287/opre.1090.0712},
file = {:home/hubner/.local/share/data/Mendeley Ltd./Mendeley Desktop/Downloaded/Chen et al. - 2009 - From CVaR to Uncertainty Set Implications in Joint Chance-Constrained Optimization(2).pdf:pdf},
issn = {0030-364X},
journal = {Operations Research},
month = {oct},
number = {2},
pages = {470--485},
title = {{From CVaR to Uncertainty Set: Implications in Joint Chance-Constrained Optimization}},
url = {http://or.journal.informs.org/cgi/doi/10.1287/opre.1090.0712},
volume = {58},
year = {2009}
}
@incollection{Lawson1995,
author = {Lawson, Charles L. and Hanson, Richard J.},
booktitle = {SIAM},
edition = {Classics i},
title = {{Solving Least Squares Problems}},
year = {1995}
}
@techreport{Bos2011,
author = {Bos, Charles S},
file = {:home/hubner/.local/share/data/Mendeley Ltd./Mendeley Desktop/Downloaded/Bos - 2011 - Advanced Programming in Quantitative Economics(2).pdf:pdf},
number = {8},
pages = {1--21},
title = {{Advanced Programming in Quantitative Economics}},
year = {2011}
}
@article{Johansson2006,
author = {Johansson, Bjoern and Elfving, Tommy and Kozlov, Vladimir and Censor, Yair and Forssen, Per-Erik and Granlund, Goesta},
journal = {Mathematical and Computer Modelling},
keywords = {Johansson2006},
number = {7},
pages = {892--909},
title = {{The application of an oblique-projected Landweber method to a model of supervised learning}},
url = {http://www.sciencedirect.com/science/article/pii/S0895717705005297},
volume = {43},
year = {2006}
}
@article{Franc2005,
author = {Franc, Vojtech and Hlavac, Vaclav and Navara, Mirko},
journal = {Computer Analysis of Images and Patterns},
pages = {407--414},
title = {{Sequential coordinate-wise algorithm for the non-negative least squares problem}},
url = {http://www.springerlink.com/index/epdjxebt42g3j5v2.pdf},
volume = {3691},
year = {2005}
}
@unpublished{Zertchaninov,
author = {Zertchaninov, Serguei and Madsen, Kaj},
file = {:home/hubner/.local/share/data/Mendeley Ltd./Mendeley Desktop/Downloaded/Zertchaninov, Madsen - Unknown - A C Programme for Global Optimization(2).pdf:pdf},
pages = {1--14},
title = {{A C ++ Programme for Global Optimization}}
}
