Automatically generated by Mendeley Desktop 1.17.7
Any changes to this file will be lost if it is regenerated by Mendeley.

BibTeX export options can be customized via Options -> BibTeX in Mendeley Desktop

@article{Kurt1931,
author = {Goedl, Kurt},
file = {::},
pages = {173--198},
title = {{{\"{U}}ber formal unterscheidbare S{\"{a}}tze der Principia Mathematica und verwandter Systeme}},
volume = {38},
year = {1931}
}
@article{Magnus1985,
author = {Magnus, JR and Neudecker, H},
file = {:C$\backslash$:/Users/stefa/AppData/Local/Mendeley Ltd./Mendeley Desktop/Downloaded/Magnus, Neudecker - 1985 - Matrix differential calculus with applications to simple, Hadamard, and Kronecker products.pdf:pdf},
journal = {Journal of Mathematical Psychology},
title = {{Matrix differential calculus with applications to simple, Hadamard, and Kronecker products}},
url = {http://www.sciencedirect.com/science/article/pii/0022249685900069},
year = {1985}
}
@article{Espinosa2012,
author = {Espinosa, M and Rondon, C and Romero, M},
file = {::},
number = {41363},
title = {{The use of mathematics in economics and its effect on a scholar's academic career}},
url = {http://mpra.ub.uni-muenchen.de/41341/},
year = {2012}
}
