Automatically generated by Mendeley Desktop 1.17.7
Any changes to this file will be lost if it is regenerated by Mendeley.

BibTeX export options can be customized via Options -> BibTeX in Mendeley Desktop

@article{Abadie2014,
author = {Abadie, Alberto and Athey, Susan and Imbens, Guido and Wooldridge, Jeffrey},
file = {::},
title = {{Finite Population Causal Standard Errors}},
url = {http://www.princeton.edu/{~}erp/erp seminar pdfs/Imbens paper finite{\_}14apr12.pdf},
year = {2014}
}
@article{Bercu2007a,
author = {Bercu, Bernard and Bryc, W},
file = {::},
journal = {Electron. Comm. Probab},
title = {{Asymptotic results for empirical measures of weighted sums of independent random variables}},
url = {http://www.emis.ams.org/journals/EJP-ECP/{\_}ejpecp/ECP/include/getdoce15b.pdf?id=4189{\&}article=1882{\&}mode=pdf},
year = {2007}
}
