Automatically generated by Mendeley Desktop 1.16.3
Any changes to this file will be lost if it is regenerated by Mendeley.

BibTeX export options can be customized via Options -> BibTeX in Mendeley Desktop

@article{Aquaro2010,
author = {Aquaro, M and {\v{C}}{\'{i}}{\'{z}}ek, Pavel},
file = {:home/hubner/.local/share/data/Mendeley Ltd./Mendeley Desktop/Downloaded/Aquaro, {\v{C}}{\'{i}}{\'{z}}ek - 2010 - One-step robust estimation of fixed-effects panel data models(2).pdf:pdf},
title = {{One-step robust estimation of fixed-effects panel data models}},
url = {http://papers.ssrn.com/sol3/papers.cfm?abstract{\_}id=1694496},
year = {2010}
}
@article{Badinger2008,
author = {Badinger, Harald and Egger, Peter},
file = {:home/hubner/.local/share/data/Mendeley Ltd./Mendeley Desktop/Downloaded/Badinger, Egger - 2008 - GM Estimation of Higher-Order Spatial Autoregressive Processes in Cross-Section Models with Heteroskedastic (2).pdf:pdf},
keywords = {CESifo Working Paper no. 2356,higher-order spatia},
title = {{GM Estimation of Higher-Order Spatial Autoregressive Processes in Cross-Section Models with Heteroskedastic Disturbances GM Estimation of Higher-Order Spatial Autoregressive Processes in Cross-Section Models with Heteroskedastic Disturbances Abstract}},
year = {2008}
}
