Automatically generated by Mendeley Desktop 1.16.3
Any changes to this file will be lost if it is regenerated by Mendeley.

BibTeX export options can be customized via Options -> BibTeX in Mendeley Desktop

@article{Harding2013,
author = {Harding, Matthew and Lamarche, Carlos},
file = {:home/hubner/.local/share/data/Mendeley Ltd./Mendeley Desktop/Downloaded/Harding, Lamarche - 2013 - Penalized Quantile Regression with Semiparametric Correlated Effects Applications with Heterogeneous Prefe(2).pdf:pdf},
keywords = {a previous draft as,cheng hsiao,chihwa kao,erich battistin,hashem pesaran,labor supply,panel data,quantile regression,roger koenker,roger moon,scanner data,seminar participants at the,shrinkage,steve portnoy and jim,the authors would like,to thank badi baltagi,university of illinois at,university of southern california,urbana-champaign,well as,ziliak for comments on},
number = {650},
pages = {1--43},
title = {{Penalized Quantile Regression with Semiparametric Correlated Effects: Applications with Heterogeneous Preferences}},
url = {http://www.econstor.eu/handle/10419/90060},
year = {2013}
}
@article{YuJones1998,
author = {Yu, K and Jones, MC},
file = {:home/hubner/.local/share/data/Mendeley Ltd./Mendeley Desktop/Downloaded/Yu, Jones - 1998 - Local linear quantile regression(2).pdf:pdf},
journal = {Journal of the American Statistical Association},
number = {441},
pages = {228--237},
title = {{Local linear quantile regression}},
url = {http://www.tandfonline.com/doi/abs/10.1080/01621459.1998.10474104},
volume = {93},
year = {1998}
}
@article{Wagner1959,
author = {Wagner, HM},
file = {:home/hubner/.local/share/data/Mendeley Ltd./Mendeley Desktop/Downloaded/Wagner - 1959 - Linear programming techniques for regression analysis(2).pdf:pdf},
journal = {Journal of the American Statistical Association},
number = {285},
pages = {206--212},
title = {{Linear programming techniques for regression analysis}},
url = {http://www.jstor.org/stable/10.2307/2282146},
volume = {54},
year = {1959}
}
@article{Koenker2006,
author = {Koenker, Roger and Xiao, Zhijie},
doi = {10.1198/016214506000000672},
file = {:home/hubner/.local/share/data/Mendeley Ltd./Mendeley Desktop/Downloaded/Koenker, Xiao - 2006 - Quantile Autoregression(2).pdf:pdf},
issn = {0162-1459},
journal = {Journal of the American Statistical Association},
keywords = {asymmetric persistence,autoregression,comonotonicity,quantile,random coefficients},
month = {sep},
number = {475},
pages = {980--990},
title = {{Quantile Autoregression}},
url = {http://pubs.amstat.org/doi/abs/10.1198/016214506000000672},
volume = {101},
year = {2006}
}
@article{Pakes1989,
author = {Pakes, Ariel and Pollard, David},
file = {:home/hubner/.local/share/data/Mendeley Ltd./Mendeley Desktop/Downloaded/Pakes, Pollard - 1989 - Simulation and the asymptotics of optimization estimators(2).pdf:pdf},
journal = {Econometrica: Journal of the Econometric Society},
number = {5},
pages = {1027--1057},
title = {{Simulation and the asymptotics of optimization estimators}},
url = {http://www.jstor.org/stable/1913622},
volume = {57},
year = {1989}
}
@article{White2008,
author = {White, Halbert and Tae-Hwan, Kim and Manganelli, Simone},
file = {:home/hubner/.local/share/data/Mendeley Ltd./Mendeley Desktop/Downloaded/White, Tae-Hwan, Manganelli - 2008 - Modeling autoregressive conditional skewness and kurtosis with multi-quantile CAViaR(2).pdf:pdf},
journal = {ECB Working Paper},
keywords = {Asset returns,C32.,CAViaR,Conditional quantiles,Dynamic quantiles,JEL Classifications: C13,Kurtosis,Skewness.},
title = {{Modeling autoregressive conditional skewness and kurtosis with multi-quantile CAViaR}},
url = {http://papers.ssrn.com/sol3/papers.cfm?abstract{\_}id=1291165},
volume = {957},
year = {2008}
}
@article{Kupiec1995,
author = {Kupiec, P},
doi = {10.3905/jod.1995.407942},
journal = {The Journal of Derivatives},
number = {2},
pages = {73--84},
title = {{Techniques for verifying the accuracy of risk measurement models}},
url = {http://www.iijournals.com/doi/abs/10.3905/jod.1995.407942},
volume = {3},
year = {1995}
}
@article{Xiao2009,
author = {Xiao, Zhijie and Koenker, Roger},
doi = {10.1198/jasa.2009.tm09170},
file = {:home/hubner/.local/share/data/Mendeley Ltd./Mendeley Desktop/Downloaded/Xiao, Koenker - 2009 - Conditional quantile estimation for generalized autoregressive conditional heteroscedasticity models(2).pdf:pdf},
issn = {0162-1459},
journal = {Journal of the American Statistical Association},
keywords = {conditional heteroscedasticity,garch models,quantile autoregression},
month = {dec},
number = {488},
pages = {1696--1712},
title = {{Conditional quantile estimation for generalized autoregressive conditional heteroscedasticity models}},
url = {http://pubs.amstat.org/doi/abs/10.1198/jasa.2009.tm09170},
volume = {104},
year = {2009}
}
@article{Blundell2008,
author = {Blundell, R and Browning, M and Crawford, I},
file = {:home/hubner/.local/share/data/Mendeley Ltd./Mendeley Desktop/Downloaded/Blundell, Browning, Crawford - 2008 - Best nonparametric bounds on demand responses(2).pdf:pdf},
journal = {Econometrica},
title = {{Best nonparametric bounds on demand responses}},
url = {http://onlinelibrary.wiley.com/doi/10.3982/ECTA6069/abstract},
year = {2008}
}
@article{Koenker2011,
author = {Koenker, Roger},
file = {:home/hubner/.local/share/data/Mendeley Ltd./Mendeley Desktop/Downloaded/Koenker - 2011 - Additive models for quantile regression Model selection and confidence bandaids(2).pdf:pdf},
journal = {Brazilian Journal of Probability and Statistics},
pages = {1--22},
title = {{Additive models for quantile regression: Model selection and confidence bandaids}},
url = {http://projecteuclid.org/euclid.bjps/1313973394},
year = {2011}
}
@unpublished{Cheng2010,
author = {Cheng, Yebin and Gooijer, Jan G De and Zerom, Dawit},
file = {:home/hubner/.local/share/data/Mendeley Ltd./Mendeley Desktop/Downloaded/Cheng, Gooijer, Zerom - 2010 - Efficient estimation of an additive quantile regression model E ffi cient Estimation of an Additive Qu(2).pdf:pdf},
title = {{Efficient estimation of an additive quantile regression model E ffi cient Estimation of an Additive Quantile}},
year = {2010}
}
@article{Huang2011,
author = {Huang, Alex YiHou and Peng, Sheng-Pen and Li, Fangjhy and Ke, Ching-Jie},
doi = {10.1016/j.iref.2011.01.005},
file = {:home/hubner/.local/share/data/Mendeley Ltd./Mendeley Desktop/Downloaded/Huang et al. - 2011 - Volatility forecasting of exchange rate by quantile regression(2).pdf:pdf},
issn = {10590560},
journal = {International Review of Economics {\&} Finance},
keywords = {Exchange rate,Quantile regression,Volatility},
month = {oct},
number = {4},
pages = {591--606},
publisher = {Elsevier Inc.},
title = {{Volatility forecasting of exchange rate by quantile regression}},
url = {http://linkinghub.elsevier.com/retrieve/pii/S1059056011000190},
volume = {20},
year = {2011}
}
@article{Charnes1955,
author = {Charnes, A. and Cooper, W.W. and Ferguson, R.O.},
file = {:home/hubner/.local/share/data/Mendeley Ltd./Mendeley Desktop/Downloaded/Charnes, Cooper, Ferguson - 1955 - Optimal estimation of executive compensation by linear programming(2).pdf:pdf},
journal = {Management science},
number = {2},
pages = {138--151},
publisher = {JSTOR},
title = {{Optimal estimation of executive compensation by linear programming}},
url = {http://www.jstor.org/stable/10.2307/2627315},
volume = {1},
year = {1955}
}
@article{Koenker2008a,
author = {Koenker, Roger},
file = {:home/hubner/.local/share/data/Mendeley Ltd./Mendeley Desktop/Downloaded/Koenker - 2008 - Censored quantile regression redux(2).pdf:pdf},
journal = {Journal of Statistical Software},
keywords = {censored data,quantile regression},
pages = {1--26},
title = {{Censored quantile regression redux}},
url = {https://www.econ.uiuc.edu/{~}roger/research/crq/crq.pdf},
volume = {1},
year = {2008}
}
@article{Koenker2008,
author = {Koenker, Roger},
file = {:home/hubner/.local/share/data/Mendeley Ltd./Mendeley Desktop/Downloaded/Koenker - 2008 - Quantile Regression Computation From the Inside and the Outside The Origin of Regression – Regression Through the (2).pdf:pdf},
number = {May},
title = {{Quantile Regression Computation : From the Inside and the Outside The Origin of Regression – Regression Through the Origin}},
year = {2008}
}
@techreport{Schmidt2005,
author = {Schmidt, Mark},
booktitle = {Project Report, University of British Columbia},
file = {:home/hubner/.local/share/data/Mendeley Ltd./Mendeley Desktop/Downloaded/Schmidt - 2005 - Least squares optimization with l1-norm regularization(2).pdf:pdf},
number = {December},
title = {{Least squares optimization with l1-norm regularization}},
url = {http://people.cs.ubc.ca/{~}schmidtm/Software/lasso.pdf},
year = {2005}
}
@article{Koenker2005,
author = {Koenker, Roger and Ng, Pin},
file = {:home/hubner/.local/share/data/Mendeley Ltd./Mendeley Desktop/Downloaded/Koenker, Ng - Unknown - A Frisch-Newton algorithm for sparse quantile regression(2).pdf:pdf},
journal = {Acta Mathematicae Applicatae Sinica (English Series)},
keywords = {2000 mr subject classification,62g08,62j05,65f50,90c05,90c06,interior-point algorithm,quantile regression,sparse linear algebra},
number = {2},
pages = {225--236},
publisher = {Springer},
title = {{A Frisch-Newton algorithm for sparse quantile regression}},
url = {http://www.springerlink.com/index/N64L24384X776Q72.pdf},
volume = {21}
}
@article{Sasaki2015,
author = {Sasaki, Yuya},
doi = {10.1017/S0266466614000711},
issn = {0266-4666},
journal = {Econometric Theory},
month = {oct},
pages = {1102--1116},
title = {{What Do Quantile Regressions Identify for General Structural Functions?}},
url = {http://www.journals.cambridge.org/abstract{\_}S0266466614000711},
volume = {31},
year = {2015}
}
@article{Oberhofer2006,
author = {Oberhofer, Walter and Haupt, Harry},
file = {:home/hubner/.local/share/data/Mendeley Ltd./Mendeley Desktop/Downloaded/Oberhofer, Haupt - 2006 - Asymptotic theory for nonlinear quantile regression under weak dependence(2).pdf:pdf},
isbn = {4994194327},
journal = {Econometric Theory},
number = {November 2005},
title = {{Asymptotic theory for nonlinear quantile regression under weak dependence}},
url = {http://www.researchgate.net/publication/29858831{\_}Asymptotic{\_}theory{\_}for{\_}nonlinear{\_}quantile{\_}regression{\_}under{\_}weak{\_}dependence/file/5046352555b1c0726f.pdf},
year = {2006}
}
@article{Sabbah2014,
author = {Sabbah, Camille},
doi = {10.1051/ps/2013035},
file = {:home/hubner/.local/share/data/Mendeley Ltd./Mendeley Desktop/Downloaded/Sabbah - 2014 - Uniform Confidence Bands for Local Polynomial Quantile Estimators(6).pdf:pdf},
issn = {1292-8100},
journal = {ESAIM: Probability and Statistics},
keywords = {and phrases,conditional quantile estimation,uniform confidence bands},
month = {jul},
pages = {265--276},
title = {{Uniform Confidence Bands for Local Polynomial Quantile Estimators}},
url = {http://www.esaim-ps.org/10.1051/ps/2013035},
volume = {18},
year = {2014}
}
@article{Chen2003,
author = {Chen, X and Linton, O and Keilegom, I Van},
file = {:home/hubner/.local/share/data/Mendeley Ltd./Mendeley Desktop/Downloaded/Chen, Linton, Keilegom - 2003 - Estimation of semiparametric models when the criterion function is not smooth(2).pdf:pdf},
journal = {Econometrica},
keywords = {bootstrap,empirical processes,generalized method of moments,me-},
number = {5},
pages = {1591--1608},
title = {{Estimation of semiparametric models when the criterion function is not smooth}},
url = {http://onlinelibrary.wiley.com/doi/10.1111/1468-0262.00461/abstract},
volume = {71},
year = {2003}
}
@article{Shao2011,
author = {Shao, Xuming He and Qi-Man},
file = {:home/hubner/.local/share/data/Mendeley Ltd./Mendeley Desktop/Downloaded/Shao - 2011 - A General Bahadur Representation of M-Estimators and its Application to Linear Regression with Nonstochastic Designs(2).pdf:pdf},
journal = {The Annals of Statistics},
number = {6},
pages = {2608--2630},
title = {{A General Bahadur Representation of M-Estimators and its Application to Linear Regression with Nonstochastic Designs}},
volume = {24},
year = {2011}
}
@article{Huang2009,
author = {Huang, Dashan and Yu, Baimin and Fabozzi, Frank J. and Fukushima, Masao},
doi = {10.1016/j.eneco.2008.12.006},
file = {:home/hubner/.local/share/data/Mendeley Ltd./Mendeley Desktop/Downloaded/Huang et al. - 2009 - CAViaR-based forecast for oil price risk(2).pdf:pdf},
issn = {01409883},
journal = {Energy Economics},
month = {jul},
number = {4},
pages = {511--518},
publisher = {Elsevier B.V.},
title = {{CAViaR-based forecast for oil price risk}},
url = {http://linkinghub.elsevier.com/retrieve/pii/S0140988308001941},
volume = {31},
year = {2009}
}
@article{Chaudhuri1991,
author = {Chaudhuri, P},
file = {:home/hubner/.local/share/data/Mendeley Ltd./Mendeley Desktop/Downloaded/Chaudhuri - 1991 - Nonparametric estimates of regression quantiles and their local Bahadur representation(2).pdf:pdf},
journal = {The Annals of Statistics},
keywords = {Chaudhuri1991},
number = {2},
pages = {760--777},
title = {{Nonparametric estimates of regression quantiles and their local Bahadur representation}},
url = {http://projecteuclid.org/euclid.aos/1176348119},
volume = {19},
year = {1991}
}
@book{vdv1996,
address = {New York},
author = {van der Vaart, Aad and Wellner, Jon},
booktitle = {, New York},
publisher = {Springer},
title = {{Weak Convergence and Empirical Processes: With Applications to Statistics}},
url = {http://scholar.google.com/scholar?hl=en{\&}btnG=Search{\&}q=intitle:Weak+Convergence+and+Empirical+Processes+-+With+Applications+to+Statistics{\#}9},
year = {1996}
}
@article{zou2008,
author = {Zou, Hui and Yuan, Ming},
doi = {10.1214/07-AOS507},
issn = {0090-5364},
journal = {The Annals of Statistics},
month = {jun},
number = {3},
pages = {1108--1126},
title = {{Composite quantile regression and the oracle model selection theory}},
url = {http://projecteuclid.org/euclid.aos/1211819558},
volume = {36},
year = {2008}
}
@article{Koenker1996,
author = {Koenker, Roger and Zhao, Quanshui},
file = {:home/hubner/.local/share/data/Mendeley Ltd./Mendeley Desktop/Downloaded/Koenker, Zhao - 1996 - Conditional quantile estimation and inference for ARCH models(2).pdf:pdf},
journal = {Econometric Theory},
number = {5},
pages = {793--813},
publisher = {Cambridge Univ Press},
title = {{Conditional quantile estimation and inference for ARCH models}},
url = {http://journals.cambridge.org/production/action/cjoGetFulltext?fulltextid=2936072},
volume = {12},
year = {1996}
}
@article{Hoderlein2009,
author = {Hoderlein, Stefan and Mammen, E},
journal = {The Econometrics Journal},
number = {1},
pages = {1--25},
title = {{Identification and estimation of local average derivatives in non-separable models without monotonicity}},
url = {http://onlinelibrary.wiley.com/doi/10.1111/j.1368-423X.2008.00273.x/full},
volume = {12},
year = {2009}
}
@article{Society2014,
abstract = {A general central limit theorem is proved for estimators defined by minimization of the length of a vector-valued, random criterion function. No smoothness assumptions are imposed on the criterion function, in order that the results might apply to a broad class of simulation estimators. Complete analyses of two simulation estimators, one introduced by Pakes and the other by McFadden, illustrate the application of the general theorems.},
author = {Pakes, Ariel and Pollard, David},
doi = {10.2307/1913622},
file = {:home/hubner/.local/share/data/Mendeley Ltd./Mendeley Desktop/Downloaded/Pakes, Pollard - 1989 - Simulation and the Asymptotics of Optimization Estimators.pdf:pdf},
isbn = {00129682},
issn = {00129682},
journal = {Econometrica},
number = {5},
pages = {1027--1057},
pmid = {6723670850071295199},
title = {{Simulation and the Asymptotics of Optimization Estimators}},
volume = {57},
year = {1989}
}
@article{Gourieroux2008,
author = {Gourieroux, C and Jasiak, J},
doi = {10.1016/j.jeconom.2008.09.028},
file = {:home/hubner/.local/share/data/Mendeley Ltd./Mendeley Desktop/Downloaded/Gourieroux, Jasiak - 2008 - Dynamic quantile models(2).pdf:pdf},
issn = {03044076},
journal = {Journal of Econometrics},
keywords = {dynamic quantile model},
month = {nov},
number = {1},
pages = {198--205},
publisher = {Elsevier B.V.},
title = {{Dynamic quantile models}},
url = {http://linkinghub.elsevier.com/retrieve/pii/S0304407608001358},
volume = {147},
year = {2008}
}
@article{Taylor2010,
author = {Taylor, James W and Bunn, Derek W},
file = {:home/hubner/.local/share/data/Mendeley Ltd./Mendeley Desktop/Downloaded/Taylor, Bunn - 2010 - Investigating the derived weights , estimator bias and imposing constraints(2).pdf:pdf},
journal = {Journal of Applied Statistics},
number = {2},
pages = {193--206},
title = {{Investigating the derived weights , estimator bias and imposing constraints}},
volume = {25},
year = {2010}
}
@article{Fan1992,
author = {Fan, Jianqing and Gijbels, Irene},
doi = {10.1214/aos/1176348900},
file = {:home/hubner/.local/share/data/Mendeley Ltd./Mendeley Desktop/Downloaded/Fan, Gijbels - 1992 - Variable Bandwidth and Local Linear Regression Smoothers(2).pdf:pdf},
issn = {0090-5364},
journal = {The Annals of Statistics},
keywords = {and phrases,boundary effects,local linear smoother,mean squared error,nonparametric,optimalities,regression,variable bandwidth},
month = {dec},
number = {4},
pages = {2008--2036},
title = {{Variable Bandwidth and Local Linear Regression Smoothers}},
url = {http://projecteuclid.org/euclid.aos/1176348900},
volume = {20},
year = {1992}
}
@book{Koenker2005a,
address = {Cambridge},
author = {Koenker, Roger},
booktitle = {The Journal of Economic Perspectives},
edition = {1},
isbn = {13-978-0-521-84573},
publisher = {Econometric Society Monographs},
title = {{Quantile regression}},
year = {2005}
}
@article{Haerdle2009,
author = {H{\"{a}}rdle, Wolfgang K. and Song, Song},
doi = {10.1017/S0266466609990491},
file = {:home/hubner/.local/share/data/Mendeley Ltd./Mendeley Desktop/Downloaded/H{\"{a}}rdle, Song - 2009 - Confidence Bands in Quantile Regression(2).pdf:pdf},
issn = {0266-4666},
journal = {Econometric Theory},
month = {nov},
number = {04},
pages = {1180--1200},
title = {{Confidence Bands in Quantile Regression}},
url = {http://www.journals.cambridge.org/abstract{\_}S0266466609990491},
volume = {26},
year = {2009}
}
@article{Newey1994,
author = {Newey, Whitney K and McFadden, D},
file = {:home/hubner/.local/share/data/Mendeley Ltd./Mendeley Desktop/Downloaded/Newey, McFadden - 1994 - Large Sample Estimation and Hypothesis Testing(2).pdf:pdf},
journal = {Handbook of Econometrics},
number = {Chapter 36},
pages = {2112--2245},
title = {{Large Sample Estimation and Hypothesis Testing}},
volume = {4},
year = {1994}
}
@article{chen1998,
author = {Chen, Xiaohong and Shen, Xiaotong},
file = {:home/hubner/.local/share/data/Mendeley Ltd./Mendeley Desktop/Downloaded/Chen, Shen - 1998 - Sieve Extremum Estimates for Weakly Dependent Data(2).pdf:pdf},
journal = {Econometrica},
keywords = {3-mixing,neural networks,rate and normality,shape-preserving splines,sieve extremum estimates,wavelets},
number = {2},
pages = {289--314},
title = {{Sieve Extremum Estimates for Weakly Dependent Data}},
volume = {66},
year = {1998}
}
@book{Ibragimov1971,
author = {Ibragimov, IA and Linnik, JV},
title = {{Independent and stationary sequences of random variables}},
year = {1971}
}
@article{Bercu2007,
author = {Bercu, Bernard and Bryc, W},
file = {:home/hubner/.local/share/data/Mendeley Ltd./Mendeley Desktop/Downloaded/Bercu, Bryc - 2007 - Asymptotic results for empirical measures of weighted sums of independent random variables(4).pdf:pdf},
journal = {Electron. Comm. Probab},
keywords = {almost sure central limit,large deviations,normal approximation,peri-,theorem},
pages = {184--198},
title = {{Asymptotic results for empirical measures of weighted sums of independent random variables}},
url = {http://www.emis.ams.org/journals/EJP-ECP/{\_}ejpecp/ECP/include/getdoce15b.pdf?id=4189{\&}article=1882{\&}mode=pdf},
volume = {12},
year = {2007}
}
@article{Welsh1989,
author = {Welsh, AH},
file = {:home/hubner/.local/share/data/Mendeley Ltd./Mendeley Desktop/Downloaded/Welsh - 1989 - On M-processes and M-estimation(2).pdf:pdf},
journal = {The Annals of Statistics},
number = {1},
pages = {337--361},
title = {{On M-processes and M-estimation}},
url = {http://projecteuclid.org/euclid.aos/1176347021},
volume = {17},
year = {1989}
}
@book{magnus2005,
address = {New York},
author = {Abadir, Karim M. and Magnus, Jan R.},
publisher = {Cambridge University Press},
title = {{Matrix Algebra}},
year = {2005}
}
@article{Chaudhuri1997,
author = {Chaudhuri, Probal and Doksum, Kjell and Samarov, Alexander},
doi = {10.1214/aos/1031833670},
file = {:home/hubner/.local/share/data/Mendeley Ltd./Mendeley Desktop/Downloaded/Chaudhuri, Doksum, Samarov - 1997 - On average derivative quantile regression(3).pdf:pdf},
journal = {The Annals of Statistics},
month = {apr},
number = {2},
pages = {715--744},
title = {{On average derivative quantile regression}},
url = {http://projecteuclid.org:80/Dienst/getRecord?id=euclid.aos/1031833670/},
volume = {25},
year = {1997}
}
@article{Bessa2012,
author = {Bessa, Ricardo J. and Miranda, V. and Botterud, a. and Zhou, Z. and Wang, J.},
doi = {10.1016/j.renene.2011.08.015},
file = {:home/hubner/.local/share/data/Mendeley Ltd./Mendeley Desktop/Downloaded/Bessa et al. - 2012 - Time-adaptive quantile-copula for wind power probabilistic forecasting(2).pdf:pdf},
issn = {09601481},
journal = {Renewable Energy},
month = {apr},
number = {1},
pages = {29--39},
publisher = {Elsevier Ltd},
title = {{Time-adaptive quantile-copula for wind power probabilistic forecasting}},
url = {http://linkinghub.elsevier.com/retrieve/pii/S0960148111004587},
volume = {40},
year = {2012}
}
@article{Andrews1994,
author = {Andrews, Donald W.K.},
journal = {Handbook of Econometrics},
pages = {2248--2294},
title = {{Empirical Process Methods in Econometrics}},
volume = {IV},
year = {1994}
}
@article{Powell1994,
abstract = {A semiparametric model for observational data combines a parametric form for some component of the data generating process (usually the behavioral relation between the dependent and explanatory variables) with weak nonparametric restrictions on the remainder of the model (usually the distribution of the unobservable errors). This chapter surveys some of the recent literature on semiparametric methods, emphasizing microeconometric applications using limited dependent variable models. An introductory section defines semiparametric models more precisely and reviews the techniques used to derive the large-sample properties of the corresponding estimation methods. The next section describes a number of weak restrictions on error distributions - conditional mean, conditional quantile, conditional symmetry, independence, and index restrictions - and show how they can be used to derive identifying restrictions on the distributions of observables. This general discussion is followed by a survey of a number of specific estimators proposed for particular econometric models, and the chapter concludes with a brief account of applications of these methods in practice. {\textcopyright} 1994 Elsevier Science B.V. All rights reserved.},
author = {Powell, James L.},
doi = {10.1016/S1573-4412(05)80010-8},
file = {:home/hubner/.local/share/data/Mendeley Ltd./Mendeley Desktop/Downloaded/Powell - 1994 - Chapter 41 Estimation of semiparametric models.pdf:pdf},
isbn = {9780444887665},
issn = {15734412},
journal = {Handbook of Econometrics},
pages = {2443--2521},
title = {{Chapter 41 Estimation of semiparametric models}},
volume = {4},
year = {1994}
}
@article{Engle2004,
author = {Engle, Robert F and Manganelli, Simone},
doi = {10.1198/073500104000000370},
file = {:home/hubner/.local/share/data/Mendeley Ltd./Mendeley Desktop/Downloaded/Engle, Manganelli - 2004 - CAViaR Conditional Autoregressive Value at Risk by Regression Quantiles(2).pdf:pdf},
issn = {0735-0015},
journal = {Journal of Business and Economic Statistics},
keywords = {nonlinear regression quantile,risk management,specification testing},
month = {oct},
number = {4},
pages = {367--381},
title = {{CAViaR: Conditional Autoregressive Value at Risk by Regression Quantiles}},
url = {http://pubs.amstat.org/doi/abs/10.1198/073500104000000370},
volume = {22},
year = {2004}
}
@incollection{chen2008,
author = {Chen, Xiaohong},
booktitle = {Handbook of Econometrics},
edition = {Volume 6B},
editor = {Heckman, James J. and Leamer, Edward E.},
file = {:home/hubner/.local/share/data/Mendeley Ltd./Mendeley Desktop/Downloaded/Andersen, Bollerslev - 2006 - Volatility and correlation forecasting(2).pdf:pdf},
isbn = {978-0-444-53200-8},
pages = {5549--5633},
publisher = {Elsevier},
title = {{Large Sample Sieve Estimation of Semi-Nonparametric Models}},
year = {2008}
}
@article{Vaart2007,
address = {Beachwood, Ohio, USA},
archivePrefix = {arXiv},
arxivId = {arXiv:0709.1013v1},
author = {Vaart, Aad W Van Der and Wellner, Jon A},
doi = {10.1214/074921707000000382},
eprint = {arXiv:0709.1013v1},
file = {:home/hubner/.local/share/data/Mendeley Ltd./Mendeley Desktop/Downloaded/Vaart, Wellner - 2007 - Asymptotics Particles, Processes and Inverse Problems(2).pdf:pdf},
isbn = {978-0-940600-71-3},
pages = {234--252},
publisher = {Institute of Mathematical Statistics},
series = {Institute of Mathematical Statistics Lecture Notes - Monograph Series},
title = {{Asymptotics: Particles, Processes and Inverse Problems}},
volume = {55},
year = {2007}
}
@article{Portnoy1997,
author = {Portnoy, Stephen and Koenker, Roger},
file = {:home/hubner/.local/share/data/Mendeley Ltd./Mendeley Desktop/Downloaded/Portnoy, Koenker - 1997 - The Gaussian hare and the Laplacian tortoise computability of squared-error versus absolute-error estimator(2).pdf:pdf},
journal = {Statistical Science},
keywords = {1,and phrases,gramming,gression quantiles,interior point,l 1,least absolute deviations,linear pro-,median,re-,simplex method,simultaneous confidence bands,statistical preprocessing},
number = {4},
pages = {279--300},
publisher = {Institute of Mathematical Statistics},
title = {{The Gaussian hare and the Laplacian tortoise: computability of squared-error versus absolute-error estimators}},
url = {http://projecteuclid.org/euclid.ss/1030037960},
volume = {12},
year = {1997}
}
@book{Kosorok2006,
address = {New York},
author = {Kosorok, Michael R.},
editor = {Bickel, P. and Diggle, P. and Fienberg, S.E. and Gather, U. and Zeger, S.},
file = {:home/hubner/.local/share/data/Mendeley Ltd./Mendeley Desktop/Downloaded/Kosorok - 2008 - Introduction to Empirical Processes and Semiparametric Inference.pdf:pdf},
number = {August},
publisher = {Springer},
title = {{Introduction to Empirical Processes and Semiparametric Inference}},
year = {2008}
}
@article{Koenker1978,
author = {Koenker, Roger and Bassett, Gilbert},
file = {:home/hubner/.local/share/data/Mendeley Ltd./Mendeley Desktop/Downloaded/Koenker, Bassett - 1978 - Regression quantiles(2).pdf:pdf},
journal = {Econometrica},
number = {1},
pages = {33--50},
title = {{Regression quantiles}},
url = {http://www.jstor.org/stable/10.2307/1913643},
volume = {46},
year = {1978}
}
@article{Nickl2006,
author = {Nickl, Richard},
doi = {10.1007/s00440-006-0031-4},
file = {:home/hubner/.local/share/data/Mendeley Ltd./Mendeley Desktop/Downloaded/Nickl - 2006 - Donsker-type theorems for nonparametric maximum likelihood estimators(2).pdf:pdf},
issn = {0178-8051},
journal = {Probability Theory and Related Fields},
keywords = {convolution,differentiable functionals,limit theorem,nonparametric maximum likelihood estimator,plug-in property,uniform central},
month = {oct},
number = {3-4},
pages = {411--449},
title = {{Donsker-type theorems for nonparametric maximum likelihood estimators}},
url = {http://link.springer.com/10.1007/s00440-006-0031-4},
volume = {138},
year = {2006}
}
@article{Chen2005,
author = {Chen, Colin and Wei, Y.},
file = {:home/hubner/.local/share/data/Mendeley Ltd./Mendeley Desktop/Downloaded/Chen, Wei - 2005 - Computational issues for quantile regression(2).pdf:pdf},
journal = {Sankhy{\`{a}}: The Indian Journal of Statistics},
keywords = {and phrases,host optimization,ing,interior point,linear programming,median,multithread-,preprocessing,quantile regression,regression,simplex,smoothing algorithm,sparse computing},
number = {2},
pages = {399--417},
publisher = {JSTOR},
title = {{Computational issues for quantile regression}},
url = {http://www.jstor.org/stable/10.2307/25053439},
volume = {67},
year = {2005}
}
@article{Abdelmalek1974,
author = {Abdelmalek, Nabih N.},
file = {:home/hubner/.local/share/data/Mendeley Ltd./Mendeley Desktop/Downloaded/Abdelmalek - 1974 - On the Discrete Linear L1 Approximation and L1 Solutions of Overdetermined Linear Equations(2).pdf:pdf},
journal = {Journal of Approximation Theory},
pages = {38--53},
title = {{On the Discrete Linear L1 Approximation and L1 Solutions of Overdetermined Linear Equations}},
volume = {53},
year = {1974}
}
@book{Koenker2000,
author = {Koenker, Roger},
file = {:home/hubner/.local/share/data/Mendeley Ltd./Mendeley Desktop/Downloaded/Koenker - 2000 - Quantile Regression(2).pdf:pdf},
number = {February 1997},
title = {{Quantile Regression}},
year = {2000}
}
@article{Nielsen2004,
author = {Nielsen, Henrik Aa and Madsen, Henrik and Nielsen, Torben S},
file = {:home/hubner/.local/share/data/Mendeley Ltd./Mendeley Desktop/Downloaded/Nielsen, Madsen, Nielsen - 2004 - Using quantile regression to extend an existing wind power forecasting system with probabilistic fo(2).pdf:pdf},
journal = {Wind Energy},
number = {November},
title = {{Using quantile regression to extend an existing wind power forecasting system with probabilistic forecasts}},
year = {2004}
}
