Automatically generated by Mendeley Desktop 1.16.3
Any changes to this file will be lost if it is regenerated by Mendeley.

BibTeX export options can be customized via Options -> BibTeX in Mendeley Desktop

@article{Black1976,
author = {Black, F},
journal = {Proceedings of the 1976 Meetings of the American Statistical Association},
pages = {177--181},
title = {{Stuedies of stock price volatility changes}},
volume = {Business a},
year = {1976}
}
@article{Cizek2008,
author = {{\v{C}}{\'{i}}{\'{z}}ek, Pavel},
doi = {10.1198/016214508000000175},
file = {:home/hubner/.local/share/data/Mendeley Ltd./Mendeley Desktop/Downloaded/{\v{C}}{\'{i}}{\'{z}}ek - 2008 - Robust and efficient adaptive estimation of binary-choice regression models(2).pdf:pdf},
journal = {Journal of the American Statistical Association},
keywords = {binary-choice regression,breakdown point,maximum likelihood estimation,robust estimation,trimming},
number = {July},
pages = {37--41},
title = {{Robust and efficient adaptive estimation of binary-choice regression models}},
url = {http://pubs.amstat.org/doi/abs/10.1198/016214508000000175},
year = {2008}
}
@book{Taylor1986,
address = {Chichester},
author = {Taylor, SJ},
publisher = {Wiley},
title = {{Modelling Financial Time Series}},
url = {http://scholar.google.com/scholar?hl=en{\&}btnG=Search{\&}q=intitle:Modelling+financial+time+series{\#}0},
year = {1986}
}
@article{baillie1989,
author = {Baillie, Richard T and Bollerslev, Tim},
file = {:home/hubner/.local/share/data/Mendeley Ltd./Mendeley Desktop/Downloaded/Baillie, Bollerslev - 1989 - The message in daily exchange rates(2).pdf:pdf},
journal = {Journal of Business and Economic Statistics},
number = {3},
pages = {60--68},
title = {{The message in daily exchange rates}},
url = {http://www.tandfonline.com/doi/abs/10.1198/073500102753410390},
volume = {7},
year = {1989}
}
@article{Schwert1990,
author = {Schwert, GW},
file = {:home/hubner/.local/share/data/Mendeley Ltd./Mendeley Desktop/Downloaded/Schwert - 1990 - Stock Volatility and the Crash of'87(2).pdf:pdf},
journal = {Review of Financial Studies},
number = {1},
pages = {77--102},
title = {{Stock Volatility and the Crash of'87}},
url = {http://rfs.oxfordjournals.org/content/3/1/77.short},
volume = {3},
year = {1990}
}
@article{Wilhelmsson2006,
author = {Wilhelmsson, Anders},
doi = {10.1002/for},
file = {:home/hubner/.local/share/data/Mendeley Ltd./Mendeley Desktop/Downloaded/Wilhelmsson - 2006 - Garch Forecasting Performance under Different Distribution Assumptions(2).pdf:pdf},
journal = {Journal of Forecasting},
keywords = {garch,intra-day data,realized volatility,volatility forecasts},
number = {25},
pages = {561--578},
title = {{Garch Forecasting Performance under Different Distribution Assumptions}},
volume = {578},
year = {2006}
}
@book{kosorok2008,
author = {Kosorok, Michael R.},
edition = {1st},
isbn = {978-0387749778},
publisher = {Springer},
title = {{Introduction to Empirical Processes and Semiparametric Inference}},
year = {2008}
}
@article{Andersen2006,
author = {Andersen, TG and Bollerslev, Tim},
doi = {10.1016/S1574-0706(05)01015-3},
file = {:home/hubner/.local/share/data/Mendeley Ltd./Mendeley Desktop/Downloaded/Andersen, Bollerslev - 2006 - Volatility and correlation forecasting(2).pdf:pdf},
journal = {Journal of Economic Forecasting},
pages = {777--878},
title = {{Volatility and correlation forecasting}},
url = {http://www.sciencedirect.com/science/article/pii/S1574070605010153},
volume = {1},
year = {2006}
}
@unpublished{Amendola2006,
author = {Amendola, Alessandra and Niglio, Marcella and Vitale, Cosimo},
booktitle = {Department of Economics},
file = {:home/hubner/.local/share/data/Mendeley Ltd./Mendeley Desktop/Downloaded/Amendola, Niglio, Vitale - 2006 - The multi-step ahead predictors of SETARMA models(2).pdf:pdf},
keywords = {forecast combination,multi-step forecasts,prediction accuracy,threshold models},
pages = {1--17},
title = {{The multi-step ahead predictors of SETARMA models}},
url = {http://www.labeconomia.unisa.it/statlabold/COSVIT/SETARMA previsioni.pdf},
year = {2006}
}
@article{Bollerslev1987a,
author = {Bollerslev, T},
file = {:home/hubner/.local/share/data/Mendeley Ltd./Mendeley Desktop/Downloaded/Bollerslev - 1987 - A conditionally heteroskedastic time series model for speculative prices and rates of return(2).pdf:pdf},
journal = {The review of economics and statistics},
number = {3},
pages = {542--547},
title = {{A conditionally heteroskedastic time series model for speculative prices and rates of return}},
url = {http://www.jstor.org/stable/10.2307/1925546},
volume = {69},
year = {1987}
}
@article{Brown1971,
author = {Brown, BM},
file = {:home/hubner/.local/share/data/Mendeley Ltd./Mendeley Desktop/Downloaded/Brown - 1971 - Martingale central limit theorems(2).pdf:pdf},
journal = {The Annals of Mathematical Statistics},
number = {1},
pages = {59--66},
title = {{Martingale central limit theorems}},
url = {http://www.jstor.org/stable/10.2307/2958462},
volume = {42},
year = {1971}
}
@book{durrett2004,
address = {Cambridge},
author = {Durrett, Rick},
edition = {4th},
publisher = {Cambridge University Press},
title = {{Probability: Theory and Examples}},
year = {2004}
}
@article{Berkowitz2011,
author = {Berkowitz, Jeremy},
doi = {10.1287/mnsc.1080.0964},
file = {:home/hubner/.local/share/data/Mendeley Ltd./Mendeley Desktop/Downloaded/Berkowitz - 2011 - Evaluating value-at-risk models with desk-level data(2).pdf:pdf},
journal = {Management {\ldots}},
keywords = {2007,2008,accepted october 24,backtesting,by john birge,disclosure,history,in articles in advance,published online,received july 30,risk management,special issue editor,volatility},
pages = {1--15},
title = {{Evaluating value-at-risk models with desk-level data}},
url = {http://pubsonline.informs.org/doi/abs/10.1287/mnsc.1080.0964},
year = {2011}
}
@article{Drost1997,
author = {Drost, F.C. and Klaassen, C.A.J.},
file = {:home/hubner/.local/share/data/Mendeley Ltd./Mendeley Desktop/Downloaded/Drost, Klaassen - 1997 - Efficient estimation in semiparametric GARCH models(3).pdf:pdf},
journal = {Journal of Econometrics},
number = {1},
pages = {193--221},
publisher = {Elsevier},
title = {{Efficient estimation in semiparametric GARCH models}},
url = {http://www.sciencedirect.com/science/article/pii/S0304407697000420},
volume = {81},
year = {1997}
}
@article{Bollerslev1986,
author = {Bollerslev, Tim},
file = {:home/hubner/.local/share/data/Mendeley Ltd./Mendeley Desktop/Downloaded/Bollerslev - 1986 - Generalized Autoregressive Conditional Heteroskedasticity(2).pdf:pdf},
journal = {Journal of Econometrics},
pages = {307--327},
title = {{Generalized Autoregressive Conditional Heteroskedasticity}},
url = {http://www.sciencedirect.com/science/article/pii/0304407686900631},
volume = {31},
year = {1986}
}
@article{Meitz2008a,
author = {Meitz, M and Saikkonen, P},
file = {:home/hubner/.local/share/data/Mendeley Ltd./Mendeley Desktop/Downloaded/Meitz, Saikkonen - 2008 - Ergodicity, mixing, and existence of moments of a class of Markov models with applications to GARCH and ACD(2).pdf:pdf},
journal = {Econometric Theory},
pages = {1291--1320},
title = {{Ergodicity, mixing, and existence of moments of a class of Markov models with applications to GARCH and ACD models}},
url = {https://opus.zbw-kiel.de/dspace/handle/10419/56102},
volume = {24},
year = {2008}
}
@article{carrasco2002,
author = {Carrasco, Marine and Chen, Xiaohong},
file = {:home/hubner/.local/share/data/Mendeley Ltd./Mendeley Desktop/Downloaded/Carrasco, Chen - 2002 - Mixing and moment properties of various GARCH and stochastic volatility models(2).pdf:pdf},
journal = {Econometric Theory},
number = {1},
pages = {17--39},
title = {{Mixing and moment properties of various GARCH and stochastic volatility models}},
volume = {18},
year = {2002}
}
@article{Bollerslev2008,
author = {Bollerslev, Tim},
file = {:home/hubner/.local/share/data/Mendeley Ltd./Mendeley Desktop/Downloaded/Bollerslev - 2008 - Glossary to arch (garch)(2).pdf:pdf},
journal = {CREATES Research Paper},
title = {{Glossary to arch (garch)}},
url = {http://papers.ssrn.com/sol3/papers.cfm?abstract{\_}id=1263250},
year = {2008}
}
@article{Bollerslev1987,
author = {Bollerslev, Tim},
journal = {The review of economics and statistics},
number = {3},
pages = {542--548},
title = {{A conditionally heteroskedastic time series model for speculative prices and rates of return}},
url = {http://www.jstor.org/stable/10.2307/1925546},
volume = {69},
year = {1987}
}
@article{Lopez1998,
author = {Lopez, Jose A},
file = {:home/hubner/.local/share/data/Mendeley Ltd./Mendeley Desktop/Downloaded/Lopez - 1998 - Methods for Evaluating Value-at-Risk Estimates(2).pdf:pdf},
number = {August 1996},
pages = {119--124},
title = {{Methods for Evaluating Value-at-Risk Estimates}},
year = {1998}
}
@article{Nelson1991,
author = {Nelson, D.B.},
file = {:home/hubner/.local/share/data/Mendeley Ltd./Mendeley Desktop/Downloaded/Nelson - 1991 - Conditional heteroskedasticity in asset returns a new approach(2).pdf:pdf},
journal = {Econometrica: Journal of the Econometric Society},
keywords = {arch,autoregressive conditional heteroskedasticity,exponential arch,garch,generalized au-,ity,market volatil-,nonlinear time series,risk premium,toregressive conditional heteroskedasticity},
number = {2},
pages = {347--370},
publisher = {JSTOR},
title = {{Conditional heteroskedasticity in asset returns: a new approach}},
url = {http://www.jstor.org/stable/10.2307/2938260},
volume = {59},
year = {1991}
}
@article{Engle1982,
author = {Engle, R.F.},
journal = {Econometrica},
number = {4},
pages = {987--1007},
publisher = {JSTOR},
title = {{Autoregressive conditional heteroscedasticity with estimates of the variance of United Kingdom inflation}},
url = {http://www.jstor.org/stable/10.2307/1912773},
volume = {50},
year = {1982}
}
@article{Poon2003,
author = {Poon, Ser-Huang and Granger, Clive W.J.},
file = {:home/hubner/.local/share/data/Mendeley Ltd./Mendeley Desktop/Downloaded/Poon, Granger - 2003 - Forecasting volatility in financial markets A review(2).pdf:pdf},
journal = {Journal of Economic Literature},
number = {June},
pages = {478--539},
title = {{Forecasting volatility in financial markets: A review}},
url = {http://www.ingentaconnect.com/content/aea/jel/2003/00000041/00000002/art00003},
volume = {41},
year = {2003}
}
@article{Nelson1994,
author = {Nelson, D.B. and Foster, D.P.},
file = {:home/hubner/.local/share/data/Mendeley Ltd./Mendeley Desktop/Downloaded/Nelson, Foster - 1994 - Asymptotic filtering theory for univariate ARCH models(2).pdf:pdf},
journal = {Econometrica: Journal of the Econometric Society},
keywords = {arch,filtering,stochastic volatility},
number = {1},
pages = {1--41},
publisher = {JSTOR},
title = {{Asymptotic filtering theory for univariate ARCH models}},
url = {http://www.jstor.org/stable/10.2307/2951474},
volume = {62},
year = {1994}
}
